@article{Ginsberg:2009,
  title={Detecting influenza epidemics using search engine query data},
  author={Ginsberg, Jeremy and Mohebbi, Matthew H and Patel, Rajan S and Brammer, Lynnette and Smolinski, Mark S and Brilliant, Larry},
  journal={Nature},
  volume={457},
  number={7232},
  pages={1012--1014},
  year={2009},
}

@article{Brownstein:2009,
	author = {Brownstein, John S and Freifeld, Clark C and Madoff, Lawrence C},
	journal = {New England Journal of Medicine},
	number = {21},
	pages = {2153--2157},
	title = {Digital disease detection --- harnessing the web for public health surveillance},
	volume = {360},
	year = {2009},
}

@article{Salathe:2012,
	author = {Salath{\'e}, Marcel and Bengtsson, Linus and Bodnar, Todd J and Brewer, Devon D and Brownstein, John S and Buckee, Caroline and Campbell, Ellsworth M and Cattuto, Ciro and Khandelwal, Shashank and Mabry, Patricia L and Vespignani, Alessandro},
	journal = {PLOS Computational Biology},
	number = {7},
	pages = {1--3},
	title = {Digital epidemiology},
	volume = {8},
	year = {2012},
}

@article{Kass-Hout:2013,
	author = {Kass-Hout, Taha A and Alhinnawi, Hend},
	journal = {British Medical Bulletin},
	number = {1},
	pages = {5--24},
	title = {Social media in public health},
	volume = {108},
	year = {2013},
}

@article{Paul:2017,
  author = {Paul, Michael J and Dredze, Mark},
  title = {Social monitoring for public health},
  journal = {Synthesis Lectures on Information Concepts, Retrieval, and Services},
  volume = {9},
  number = {5},
  pages = {1--183},
  year = {2017},
}

@book{Kass-Hout:2011,
	author = {Kass-Hout, Taha A and Zhang, Xiaohui},
	publisher = {CRC Press},
	title = {Biosurveillance: {M}ethods and Case Studies},
	year = {2011},
}

@article{Carlson:2013,
  title={Flutracking weekly online community survey of influenza-like illness annual report 2011 and 2012},
  author={Carlson, Sandra J and Dalton, Craig B and Butler, Michelle T and Fejsa, John and Elvidge, Elissa and Durrheim, David N},
  journal={Communicable diseases intelligence quarterly report},
  volume={37},
  number={4},
  pages={E398--406},
  year={2013},
}

@article{Viboud:2014,
    author = {Viboud, C{\'e}cile AND Charu, Vivek AND Olson, Donald AND Ballesteros, Sébastien AND Gog, Julia AND Khan, Farid AND Grenfell, Bryan AND Simonsen, Lone},
    journal = {PLOS ONE},
    publisher = {Public Library of Science},
    title = {Demonstrating the use of high-volume electronic medical claims data to monitor local and regional influenza activity in the {US}},
    year = {2014},
    month = {07},
    volume = {9},
    pages = {1--12},
    number = {7},
}

@article{Smolinski:2015,
  author = {Smolinski, Mark S. and Crawley, Adam W. and Baltrusaitis, Kristin and Chunara, Rumi and Olsen, Jennifer M. and Wójcik, Oktawia and Santillana, Mauricio and Nguyen, Andre and Brownstein, John S.},
  title = {{Flu Near You}: {C}rowdsourced symptom reporting spanning 2 influenza seasons},
  journal = {American Journal of Public Health},
  volume = {105},
  number = {10},
  pages = {2124--2130},
  year = {2015},
}

@article{Santillana:2016,
  title={Cloud-based electronic health records for real-time, region-specific influenza surveillance},
  author={Santillana, Mauricio and Nguyen, Andre T and Louie, Tamara and Zink, Anna and Gray, Josh and Sung, Iyue and Brownstein, John S},
  journal={Scientific Reports},
  volume={6},
  number={1},
  pages={1--8},
  year={2016},
  publisher={Nature Publishing Group}
}

@article{Charu:2017,
    author = {Charu, Vivek AND Zeger, Scott AND Gog, Julia AND Bjørnstad, Ottar N. AND Kissler, Stephen AND Simonsen, Lone AND Grenfell, Bryan T. AND Viboud, C{\'e}cile},
    journal = {PLOS Computational Biology},
    publisher = {Public Library of Science},
    title = {Human mobility and the spatial transmission of influenza in the {United States}},
    year = {2017},
    month = {02},
    volume = {13},
    pages = {1--23},
    number = {2},
}

@article{Yang:2019,
  author="Yang, Cheng-Yi
  and Chen, Ray-Jade
  and Chou, Wan-Lin
  and Lee, Yuarn-Jang
  and Lo, Yu-Sheng",
  title="An integrated influenza surveillance framework based on national influenza-like illness incidence and multiple hospital electronic medical records for early prediction of influenza epidemics: {D}esign and evaluation",
  journal="Journal of Medical Internet Research",
  year="2019",
  volume="21",
  number="2",
  pages="e12341",
}

@article{Ackley:2020,
  author = {Aarah F Ackley and Sarah Pilewski and Vladimir S Petrovic and Lee Worden and Erin Murray and Travis C Porco},
  title ={assessing the utility of a smart thermometer and mobile application as a surveillance tool for influenza and influenza-like illness},
  journal = {Health Informatics Journal},
  volume = {26},
  number = {3},
  pages = {2148--2158},
  year = {2020},
}

@article{Leuba:2020,
    author = {Leuba, Sequoia I. AND Yaesoubi, Reza AND Antillon, Marina AND Cohen, Ted AND Zimmer, Christoph},
    journal = {PLOS Computational Biology},
    publisher = {Public Library of Science},
    title = {Tracking and predicting {U.S.} influenza activity with a real-time surveillance network},
    year = {2020},
    month = {11},
    volume = {16},
    pages = {1--14},
    number = {11},
}

@article{Radin:2020,
  title={Harnessing wearable device data to improve state-level real-time surveillance of influenza-like illness in the {USA}: {A} population-based study},
  author={Radin, Jennifer M and Wineinger, Nathan E and Topol, Eric J and Steinhubl, Steven R},
  journal={The Lancet Digital Health},
  volume={2},
  number={2},
  pages={e85--e93},
  year={2020},
}

@article{Yuan:2013,
	title={Monitoring influenza epidemics in {China} with search query from {Baidu}},
	author={Yuan, Qingyu and Nsoesie, Elaine O. and Lv, Benfu and Peng, Geng and Chunara, Rumi and Brownstein, John S.},
	journal={PLOS ONE},
	volume={8},
	number={5},
	pages={e64323},
	year={2013}
}

@article{McIver:2014,
	title={{Wikipedia} usage estimates prevalence of influenza-like illness in the {United States} in near real-time},
	author={McIver, David J. and Brownstein, John S.},
	journal={PLOS Computational Biology},
	volume={10},
	number={4},
	pages={e1003581},
	year={2014}
}

@article{Santillana:2015,
	author = {Santillana, Mauricio and Nguyen, Andr{\'e} T and Dredze, Mark and Paul, Michael J and Nsoesie, Elaine O and Brownstein, John S},
	journal = {PLOS Computational Biology},
	number = {10},
	pages = {e1004513},
	title = {Combining search, social media, and traditional data sources to improve influenza surveillance},
	volume = {11},
	year = {2015},
}

@article{Yang:2015,
	author = {Yang, Shihao and Santillana, Mauricio and Kou, S. C.},
	title = {Accurate estimation of influenza epidemics using {Google} search data via {ARGO}},
	volume = {112},
	number = {47},
	pages = {14473--14478},
	year = {2015},
	journal = {Proceedings of the National Academy of Sciences}
}

@phdthesis{Farrow:2016,
	author = {Farrow, David C},
	school = {Carnegie Mellon University},
	title = {Modeling the past, present, and future of influenza},
	year = {2016},
}

@inproceedings{Jahja:2019,
	author = {Maria Jahja and David Farrow and Roni Rosenfeld and Ryan J. Tibshirani},
	booktitle = {Advances in Neural Information Processing Systems},
	title = {{Kalman Filter}, sensor fusion, and constrained regression: equivalences and insights},
	year = {2019}}

@phdthesis{Brooks:2020,
	author = {Brooks, Logan C},
	date-modified = {2021-06-18 15:22:05 -0700},
	school = {Carnegie Mellon University},
	title = {Pancasting: {F}orecasting epidemics from provisional data},
	year = {2020},
}

@unpublished{Salomon:2021,
	author = {Salomon, Joshua A. and Reinhart, Alex and Bilinski, Alyssa and Chua, Eu Jing and La Motte-Kerr, Wichada and R{\"o}nn, Minttu M. and Reitsma, Marissa and Morris, Katherine Ann and LaRocca, Sarah and Farag, Tamer and Kreuter, Frauke and Rosenfeld, Roni and Tibshirani, Ryan J.},
	note = {To appear, PNAS},
	title = {The {COVID}-19 trends and impact survey: {C}ontinuous real-time measurement of {COVID}-19 symptoms, risks, protective behaviors, testing and vaccination},
	year = {2021},
}

@unpublished{Reinhart:2021,
	author = {Alex Reinhart and Logan Brooks and Maria Jahja and Aaron Rumack and Jingjing Tang and Sumit Agrawal and Wael Al Saeed and Taylor Arnold and Amartya Basu and Jacob Bien and {\'A}ngel A. Cabrera and Andrew Chin and Eu Jing Chua and Brian Clark and Sarah Colquhoun and Nat DeFries and David C. Farrow and Jodi Forlizzi and Jed Grabman and Samuel Gratzl and Alden Green and George Haff and Robin Han and Kate Harwood and Addison J. Hu and Raphael Hyde and Sangwon Hyun and Ananya Joshi and Jimi Kim and Andrew Kuznetsov and Wichada La Motte-Kerr and Yeon Jin Lee and Kenneth Lee and Zachary C. Lipton and Michael X. Liu and Lester Mackey and Kathryn Mazaitis and Daniel J. McDonald and Phillip McGuinness and Balasubramanian Narasimhan and Michael P. O'Brien and Natalia L. Oliveira and Pratik Patil and Adam Perer and Collin A. Politsch and Samyak Rajanala and Dawn Rucker and Chris Scott and Nigam H. Shah and Vishnu Shankar and James Sharpnack and Dmitry Shemetov and Noah Simon and Benjamin Y. Smith and Vishakha Srivastava and Shuyi Tan and Robert Tibshirani and Elena Tuzhilina and Ana Karina Van Nortwick and Val{\'e}rie Ventura and Larry Wasserman and Benjamin Weaver and Jeremy C. Weiss and Spencer Whitman and Kristin Williams and Roni Rosenfeld and Ryan J. Tibshirani},
	note = {To appear, PNAS},
	title = {An open repository of real-time {COVID}-19 indicators},
	year = {2021},
}

@unpublished{McDonald:2021,
	author = {McDonald, Daniel J. and Bien, Jacob and Green, Alden and Hu, Addison J. and DeFries, Nat and Hyun, Sangwon and Oliveira, Natalia L. and Sharpnack, James and Tang, Jingjing and Tibshirani, Robert and Ventura, Val{\'e}rie and Wasserman, Larry and Tibshirani, Ryan J.},
	note = {To appear, PNAS},
	title = {Can auxiliary indicators improve {COVID}-19 forecasting and hotspot prediction?},
	year = {2021},
}

@unpublished{Rosenfeld:2021,
	author = {Rosenfeld, Roni and Tibshirani, Ryan J.},
	note = {To appear, PNAS},
	title = {Epidemic tracking and forecasting: {L}essons learned from a tumultuous year},
	year = {2021},
}

@misc{CTP,
author={{COVID Tracking Project}},
title={Federal {COVID} data},
year={2020},
howpublished = {\url{https://covidtracking.com}},
}

@misc{JHUCSSE, 
author = {{Johns Hopkins University}, {Center for Systems Science and Engineering at}}, 
title = {{COVID}-19 data repository},
year = {2020},
howpublished = {\url{https://github.com/CSSEGISandData/COVID-19}},
}

@article{Dong:2020,
	author = {Dong, Ensheng and Du, Hongru and Gardner, Lauren},
	journal = {The Lancet Infectious Diseases},
	number = {5},
	pages = {533--544},
	title = {An interactive web-based dashboard to track {COVID}-19 in real time},
	volume = {20},
	year = {2020}}

@misc{USAFacts,
	author = {USAFacts},
	title = {{US COVID}-19 cases and deaths by state},
	year = {2020},
	howpublished = {\url{https://usafacts.org/visualizations/coronavirus-covid-19-spread-map/}},
}

@misc{NYTimes,
	author = {{New York Times}},
	title = {Coronavirus in the {U.S.}: {L}atest map and case count},
	year = {2020},
	howpublished = {\url{https://www.nytimes.com/interactive/2021/us/covid-cases.html}},
}

@misc{ForecastHub,
	author = {{Reich Lab}},
	howpublished = {\url{https://covid19forecasthub.org}},
	title = {{The COVID-19 Forecast Hub}},
	year = {2020},
}

@misc{cdc_restricted,
	author = {{Centers for Disease Control and Prevention, COVID-19 Response}},
	title = {{COVID-19 Case Surveillance Restricted Access Detailed Data}},
	year = {2020},
	note = {Data accessed on November 3, 2021},
  howpublished = {\url{https://data.cdc.gov/Case-Surveillance/COVID-19-Case-Surveillance-Restricted-Access-Detai/mbd7-r32t}},
}

@misc{cdc_public,
	author = {{Centers for Disease Control and Prevention, COVID-19 Response}},
	title = {{COVID-19 Case Surveillance Public Use Data}},
	year = {2020},
	note = {Data accessed on November 3, 2021},
  howpublished = {\url{https://data.cdc.gov/Case-Surveillance/COVID-19-Case-Surveillance-Public-Use-Data/vbim-akqf}},
}

@misc{cdc_public_geo,
	author = {{Centers for Disease Control and Prevention, COVID-19 Response}},
	title = {{COVID-19 Case Surveillance Public Use Data with Geography}},
	year = {2021},
	note = {Data accessed on November 3, 2021},
  howpublished = {\url{https://data.cdc.gov/Case-Surveillance/COVID-19-Case-Surveillance-Public-Use-Data-with-Ge/n8mc-b4w4}},
}

@article{McGough:2020,
	title={Nowcasting by {Bayesian} smoothing: {A} flexible, generalizable model for real-time epidemic tracking},
	author={McGough, Sarah F and Johansson, Michael A and Lipsitch, Marc and Menzies, Nicolas A},
	journal={PLOS Computational Biology},
	volume={16},
	number={4},
	pages={e1007735},
	year={2020},
}

@inproceedings{Hawryluk:2021,
	title={Gaussian process nowcasting: {Application} to {COVID}-19 mortality reporting},
	author={Hawryluk, Iwona and Hoeltgebaum, Henrique and Mishra, Swapnil and Miscouridou, Xenia and Schnekenberg, Ricardo P and Whittaker, Charles and Vollmer, Michaela and Flaxman, Seth and Bhatt, Samir and Mellan, Thomas A},
	booktitle={Conference on Uncertainty in Artificial Intelligence},
	year={2021}
}

@article{Goldstein:2009,
	title={Reconstructing influenza incidence by deconvolution of daily mortality time series},
	author={Goldstein, Edward and Dushoff, Jonathan and Ma, Junling and Plotkin, Joshua B and Earn, David JD and Lipsitch, Marc},
	journal={Proceedings of the National Academy of Sciences},
	volume={106},
	number={51},
	pages={21825--21829},
	year={2009},
}

@article{Wallinga:2004,
	title={Different epidemic curves for severe acute respiratory syndrome reveal similar impacts of control measures},
	author={Wallinga, Jacco and Teunis, Peter},
	journal={American Journal of Epidemiology},
	volume={160},
	number={6},
	pages={509--516},
	year={2004},
}

@article{Wallinga:2007,
	title={How generation intervals shape the relationship between growth rates and reproductive numbers},
	author={Wallinga, Jacco and Lipsitch, Marc},
	journal={Proceedings of the Royal Society B: Biological Sciences},
	volume={274},
	number={1609},
	pages={599--604},
	year={2007},
}

@article{Bettencourt:2008,
	title={Real time {Bayesian} estimation of the epidemic potential of emerging infectious diseases},
	author={Bettencourt, Luis MA and Ribeiro, Ruy M},
	journal={PLOS ONE},
	volume={3},
	number={5},
	pages={e2185},
	year={2008}
}

@article{Cori:2013,
	title={A new framework and software to estimate time-varying reproduction numbers during epidemics},
	author={Cori, Anne and Ferguson, Neil M. and Fraser, Christophe and Cauchemez, Simon},
	journal={American Journal of Epidemiology},
	volume={178},
	number={9},
	pages={1505--1512},
	year={2013},
}

@article{Thompson:2019,
	title = {Improved inference of time-varying reproduction numbers during infectious disease outbreaks},
	journal = {Epidemics},
	volume = {29},
	pages = {100356},
	year = {2019},
	author = {R. N. Thompson and J. E. Stockwin and R. D. {van Gaalen} and J. A. Polonsky and Z. N. Kamvar and P. A. Demarsh and E. Dahlqwist and S. Li and E. Miguel and T. Jombart and J. Lessler and S. Cauchemez and A. Cori}
}

@article{Gostic:2020,
	author = {Gostic, Katelyn M. AND McGough, Lauren AND Baskerville, Edward B. AND Abbott, Sam AND Joshi, Keya AND Tedijanto, Christine AND Kahn, Rebecca AND Niehus, Rene AND Hay, James A. AND De Salazar, Pablo M. AND Hellewell, Joel AND Meakin, Sophie AND Munday, James D. AND Bosse, Nikos I. AND Sherrat, Katharine AND Thompson, Robin N. AND White, Laura F. AND Huisman, Jana S. AND Scire, Jérémie AND Bonhoeffer, Sebastian AND Stadler, Tanja AND Wallinga, Jacco AND Funk, Sebastian AND Lipsitch, Marc AND Cobey, Sarah},
	journal = {PLOS Computational Biology},
	title = {Practical considerations for measuring the effective reproductive number, $R_t$},
	year = {2020},
	month = {12},
	volume = {16},
	pages = {1--21}
}

@article{Abbott:2020,
	title={Estimating the time-varying reproduction number of {SARS-CoV-2} using national and subnational case counts},
	author={Abbott, Sam and Hellewell, Joel and Thompson, Robin N and Sherratt, Katharine and Gibbs, Hamish P and Bosse, Nikos I and Munday, James D and Meakin, Sophie and Doughty, Emma L and Chun, June Young and Chan, Yung-Wai Desmond and Finger, Flavio and Campbell, Paul and Endo, Akira and Pearson, Carl A B and Gimma, Amy and Russell, Tim and {{CMMID COVID modelling group}} and Flasche, Stefan and Kucharski, Adam J and Eggo, Rosalind M and Funk, Sebastian},
	journal={Wellcome Open Research},
	volume={5},
	number={112},
	year={2020},
}

@misc{rtlive,
	author = {Systrom, Kevin and Vladek, Thomas and Krieger, Mike},
	title = {Rt.live},
	year = {2020},
	howpublished = {\url{https://github.com/rtcovidlive/covid-model}}
}

@unpublished{Chitwood:2021,
	title={Reconstructing the course of the {COVID}-19 epidemic over 2020 for {US} states and counties: results of a {Bayesian} evidence synthesis model},
	author={Chitwood, Melanie H and Russi, Marcus and Gunasekera, Kenneth and Havumaki, Joshua and Pitzer, Virginia E and Salomon, Joshua A and Swartwood, Nicole and Warren, Joshua L and Weinberger, Daniel M and Cohen, Ted},
	journal={medRxiv},
	doi = {10.1101/2020.06.17.20133983},
	year={2021},
}

@article{Richardson:1972,
	title={Bayesian-based iterative method of image restoration},
	author={Richardson, William Hadley},
	journal={Journal of the Optical Society of America},
	volume={62},
	number={1},
	pages={55--59},
	year={1972},
}

@article{Lucy:1974,
	title={An iterative technique for the rectification of observed distributions},
	author={Lucy, Leon B.},
	journal={The Astronomical Journal},
	volume={79},
	pages={745},
	year={1974}
}

@book{Oppenheim:2017,
	title={Signals, Systems and Inference},
	author={Oppenheim, Alan V. and Verghese, George C.},
	year={2017},
	publisher={Pearson}
}

@book{Wiener:1964,
	author = {Wiener, Norbert},
	title = {Extrapolation, Interpolation, and Smoothing of Stationary Time Series},
	year = {1964},
	publisher = {The MIT Press}
}

@article{Taylor:1979,
	author = {Howard L. Taylor and Stephen C. Banks and John F. McCoy},
	title = {Deconvolution with the $\ell_1$ norm},
	journal = {Geophysics},
	volume = {44},
	number = {1},
	pages = {39--52},
	year = {1979},
}

@article{Debeye:1990,
	title={$\mathnormal{L}_p$-norm deconvolution},
	author={Debeye, H. W. J. and Van Riel, P.},
	journal={Geophysical Prospecting},
	volume={38},
	number={4},
	pages={381--403},
	year={1990},
}

@INPROCEEDINGS{Rudin:1994,  
author={Rudin, L.I. and Osher, S.},  
booktitle={International Conference on Image Processing},   
title={Total variation based image restoration with free local constraints},   
year={1994},  
volume={1},  
pages={31--35},
}

@article{Kermack:1927,
	title={A contribution to the mathematical theory of epidemics},
	author={Kermack, William Ogilvy and McKendrick, Anderson G.},
	journal={Proceedings of the Royal Society of London: Series A},
	volume={115},
	number={772},
	pages={700--721},
	year={1927},
	publisher={The Royal Society London}
}

@unpublished{Bavadekar:2020,
	author = {Bavadekar, Shailesh and Dai, Andrew and Davis, John and Desfontaines, Damien and Eckstein, Ilya and Everett, Katie and Fabrikant, Alex and Flores, Gerardo and Gabrilovich, Evgeniy and Gadepalli, Krishna and Glass, Shane and Huang, Rayman and Kamath, Chaitanya and Kraft, Dennis and Kumok, Akim and Marfatia, Hinali and Mayer, Yael and Miller, Benjamin and Pearce, Adam and Perera, Irippuge Milinda and Ramachandran, Venky and Raman, Karthik and Roessler, Thomas and Shafran, Izhak and Shekel, Tomer and Stanton, Charlotte and Stimes, Jacob and Sun, Mimi and Wellenius, Gregory and and Masrour Zoghi},
	note = {arXiv: 2009.01265},
	title = {Google {COVID}-19 search trends symptoms dataset: {A}nonymization process description},
	year = {2020},
}

@unpublished{Jahja:2021,
	title={{Real-Time Estimation of COVID-19 Infections via Deconvolution and 
	Sensor Fusion}}, 
	author={Jahja, Maria and Chin, Andrew and Tibshirani, Ryan J.},
	year={2021},
	note = {arXiv: 2112.06697},
	primaryClass={stat.AP}
}